@ARTICLE{RE1,
  title = {Impact of financial development on CO2 emissions: A comparative analysis of developing countries (D8) and developed countries (G8)},
  author = "Shoaib H, Rafique M, Nadeem A and Huang S",
  journal = "Environmental Science and Pollution Research",
  volume = 27,
  number = 11,
  pages = "12461-12475",
  year = 2020
}


@article{Asumadu2016Energy,
  title={Energy use, carbon dioxide emissions, GDP, industrialization, financial development, and population, a causal nexus in Sri Lanka: With a subsequent prediction of energy use using neural network},
  author={Asumadu-Sarkodie and Samuel and Owusu and  Asantewaa, Phebe },
  journal={Energy Sources, Part B. Economics, Planning, and Policy},
  year={2016},
}


@article{2019Determinants,
  title={Determinants of the global and regional CO2 emissions: What causes what and where?},
  author={ Dong, Kangyin  and  Dong, Xiucheng  and  Dong, Cong },
  journal={Applied Economics},
  volume={51},
  number={46-48},
  pages={5031-5044},
  year={2019},
}


@article{wang2018urbanization,
  title={Urbanization, economic growth, energy consumption, and CO2 emissions: Empirical evidence from countries with different income levels},
  author={Wang, Shaojian and Li, Guangdong and Fang, Chuanglin},
  journal={Renewable and Sustainable Energy Reviews},
  volume={81},
  pages={2144--2159},
  year={2018},
  publisher={Elsevier}
}